<?xml version="1.0" encoding="UTF-8"?><collection xmlns="http://www.loc.gov/MARC21/slim"><record><leader>00426nam--2200133-i-4500</leader><controlfield tag="001">000040959</controlfield><controlfield tag="002">20161230</controlfield><controlfield tag="005">20161230201042</controlfield><controlfield tag="008">060222s1000------------r-----000-0-eng-d</controlfield><datafield ind1=" " ind2=" " tag="080"><subfield code="a">621.382:539.1.074(043)</subfield></datafield><datafield ind1=" " ind2=" " tag="100"><subfield code="a">Scintei,Niculai</subfield></datafield><datafield ind1=" " ind2=" " tag="245"><subfield code="a">Contributii privind perfectionarea electronicii rapide in spectrometria particulelor incarcate si a radiatiilor gama. teza</subfield></datafield><datafield ind1=" " ind2=" " tag="260"><subfield code="a">Bucuresti, Ifin, 1978. 108 P</subfield></datafield><datafield ind1=" " ind2=" " tag="852"><subfield code="a">46581</subfield></datafield></record></collection>